<?xml version="1.0" encoding="UTF-8"?>
<record xmlns="http://www.loc.gov/MARC21/slim" xmlns:xsi="http://www.w3.org/2001/XMLSchema-instance" xsi:schemaLocation="http://www.loc.gov/MARC21/slim http://www.loc.gov/standards/marcxml/schema/MARC21slim.xsd">
<leader>00000cam a22      a 4500</leader>
<controlfield tag="001">001686121</controlfield>
<controlfield tag="003">NNU</controlfield>
<controlfield tag="005">20150401175405.0</controlfield>
<controlfield tag="008">990416s1954    le       b    001 0cara d</controlfield>
<datafield tag="010" ind1=" " ind2=" ">
<subfield code="a">ne 64002189</subfield>
</datafield>
<datafield tag="035" ind1=" " ind2=" ">
<subfield code="a">(OCoLC)862567664</subfield>
</datafield>
<datafield tag="040" ind1=" " ind2=" ">
<subfield code="a">NjP</subfield>
<subfield code="b">eng</subfield>
<subfield code="c">N15</subfield>
<subfield code="d">OCLCO</subfield>
<subfield code="d">OCLCF</subfield>
<subfield code="d">NNU</subfield>
</datafield>
<datafield tag="050" ind1=" " ind2="4">
<subfield code="a">PJ7864.U693</subfield>
<subfield code="b">Z65 1954</subfield>
</datafield>
<datafield tag="100" ind1="1" ind2=" ">
<subfield code="a">Farrūkh, ʻUmar,</subfield>
<subfield code="d">1906-</subfield>
<subfield code="6">880-01</subfield>
</datafield>
<datafield tag="245" ind1="1" ind2="0">
<subfield code="6">880-02</subfield>
<subfield code="a">Shāʻirān muʻāṣirān Ibrāhīm Ṭūqān wa-Abū al-Qāsim al-Shābbī /</subfield>
<subfield code="c">taʼlīf ʻUmar Farrūkh.</subfield>
</datafield>
<datafield tag="246" ind1="3" ind2=" ">
<subfield code="a">Two Arab poets, Ibrāhīm Tuqan and Abu-l-Qasim ash-Shābbi</subfield>
</datafield>
<datafield tag="246" ind1="3" ind2=" ">
<subfield code="a">Ibrâhîm Tûqân &amp; Abu-l-Qâsim ash-Shâbbi</subfield>
</datafield>
<datafield tag="250" ind1=" " ind2=" ">
<subfield code="6">880-03</subfield>
<subfield code="a">al-Ṭabʻah 1.</subfield>
</datafield>
<datafield tag="260" ind1=" " ind2=" ">
<subfield code="6">880-04</subfield>
<subfield code="a">Bayrūt :</subfield>
<subfield code="b">al-Maktabah al-ʻIlmīyah wa-Maṭbaʻatuhā,</subfield>
<subfield code="c">1954.</subfield>
</datafield>
<datafield tag="300" ind1=" " ind2=" ">
<subfield code="a">259 p. ;</subfield>
<subfield code="c">25 cm.</subfield>
</datafield>
<datafield tag="500" ind1=" " ind2=" ">
<subfield code="a">Title on p. 4 of cover: Two Arab poets : Ibrâhîm Tûqân &amp; Abu-l-Qâsim ash-Shâbbi.</subfield>
</datafield>
<datafield tag="500" ind1=" " ind2=" ">
<subfield code="a">Title and text in Arabic.</subfield>
</datafield>
<datafield tag="504" ind1=" " ind2=" ">
<subfield code="a">Includes bibliographical references and index.</subfield>
</datafield>
<datafield tag="600" ind1="1" ind2="0">
<subfield code="6">880-05</subfield>
<subfield code="a">Ṭūqān, Ibrāhīm ʻAbd al-Fattāḥ,</subfield>
<subfield code="d">1905-1941.</subfield>
</datafield>
<datafield tag="600" ind1="1" ind2="0">
<subfield code="a">Shābbī, Abū al-Qāsim</subfield>
<subfield code="6">06.</subfield>
</datafield>
<datafield tag="600" ind1="1" ind2="4">
<subfield code="6">880-06</subfield>
<subfield code="a">شابي، ابو القاسم.</subfield>
</datafield>
<datafield tag="600" ind1="1" ind2="7">
<subfield code="a">Shābbī, Abū al-Qāsim.</subfield>
<subfield code="2">fast</subfield>
<subfield code="0">(OCoLC)fst00123600</subfield>
</datafield>
<datafield tag="600" ind1="1" ind2="7">
<subfield code="a">Ṭūqān, Ibrāhīm ʻAbd al-Fattāḥ,</subfield>
<subfield code="d">1905-1941.</subfield>
<subfield code="2">fast</subfield>
<subfield code="0">(OCoLC)fst00285558</subfield>
</datafield>
<datafield tag="880" ind1="1" ind2=" ">
<subfield code="6">100-01/</subfield>
<subfield code="a">فروخ، عمر،</subfield>
<subfield code="d">1906-</subfield>
</datafield>
<datafield tag="880" ind1="1" ind2="0">
<subfield code="6">245-02/</subfield>
<subfield code="a">شاعران معاصران ابراهيم طوقان وأبو القاسم الشابي /</subfield>
<subfield code="c">تأليف عمر فروخ.</subfield>
</datafield>
<datafield tag="880" ind1=" " ind2=" ">
<subfield code="6">250-03/</subfield>
<subfield code="a">الطبعة 1.</subfield>
</datafield>
<datafield tag="880" ind1=" " ind2=" ">
<subfield code="6">260-04/</subfield>
<subfield code="a">بيروت :</subfield>
<subfield code="b">المكتبة العلمية ومطبعتها،</subfield>
<subfield code="c">1954.</subfield>
</datafield>
<datafield tag="880" ind1="1" ind2="4">
<subfield code="6">600-05/</subfield>
<subfield code="a">طوقان، ابراهيم عبد الفتاح،</subfield>
<subfield code="d">1905-1941.</subfield>
</datafield>
<datafield tag="OWN" ind1=" " ind2=" ">
<subfield code="a">GENERAL</subfield>
</datafield>
<datafield tag="AVA" ind1=" " ind2=" ">
<subfield code="a">NYU50</subfield>
<subfield code="b">BOBST</subfield>
<subfield code="c">Main Collection</subfield>
<subfield code="d">PJ7864.U693 Z65 1954</subfield>
<subfield code="e">unavailable</subfield>
<subfield code="t">Unavailable</subfield>
<subfield code="f">1</subfield>
<subfield code="g">1</subfield>
<subfield code="h">N</subfield>
<subfield code="i">0</subfield>
<subfield code="j">MAIN</subfield>
<subfield code="k">0</subfield>
</datafield>
</record>
